<?xml version="1.0" encoding="UTF-8"?><collection xmlns="http://www.loc.gov/MARC21/slim"><record><leader>00507nam--2200181-u-4500</leader><controlfield tag="001">000052070</controlfield><controlfield tag="002">20161230</controlfield><controlfield tag="005">20161230201049</controlfield><controlfield tag="008">090616s1000------------r-----000-0-rus-d</controlfield><datafield ind1=" " ind2=" " tag="040"><subfield code="a">IFIN-HH</subfield></datafield><datafield ind1=" " ind2=" " tag="041"><subfield code="a">rus</subfield></datafield><datafield ind1=" " ind2=" " tag="080"><subfield code="a">518.43</subfield></datafield><datafield ind1="1" ind2=" " tag="100"><subfield code="a">Panov,D.Yu</subfield></datafield><datafield ind1="1" ind2="0" tag="245"><subfield code="a">Spravocenik po cislennomu reseniu differentialnih uravnenii v ceastnih proizvodnih</subfield><subfield code="c">D.yu. panov</subfield></datafield><datafield ind1=" " ind2=" " tag="260"><subfield code="a">Moskva</subfield><subfield code="b">Tehniko-teoretiesckoi Literaturi</subfield><subfield code="c">1951</subfield></datafield><datafield ind1=" " ind2=" " tag="300"><subfield code="a">182 p</subfield></datafield><datafield ind1=" " ind2=" " tag="852"><subfield code="a">2266</subfield><subfield code="c">518.12</subfield></datafield><datafield ind1=" " ind2=" " tag="CAT"><subfield code="a">Sys</subfield><subfield code="c">20130326</subfield><subfield code="h">151401</subfield></datafield></record></collection>